
@article{lustig2023modelling,
  title={Modelling the impact of the {O}micron {BA.5} subvariant in {N}ew {Z}ealand},
  author={Lustig, Audrey and Vattiato, Giorgia and Maclaren, Oliver and Watson, Leighton M and Datta, Samik and Plank, Michael J},
  journal={Journal of the Royal Society Interface},
  volume={20},
  number={199},
  pages={20220698},
  year={2023},
  publisher={The Royal Society}
}